@article{burden2017,
  title={An{\'a}lisis num{\'e}rico},
  author={Burden, Richard L and others},
  volume={10},
  year={2017},
  publisher={Biblioteca Hern{\'a}n Malo Gonz{\'a}lez},
  address = "M\'exico D.F."
}
@book{chapra2011,
  title={M{\'e}todos num{\'e}ricos para ingenieros},
  author={Chapra, Steven C and Canale, Raymond P and others},
  volume={5},
  year={2011},
  publisher={McGraw-Hill},
  address = "New York, NY"
}
@misc{wolfram,
    author   = {Weisstein, Eric W.},
    title    = {Ra√≠ces. {From MathWorld, Wolfram Alpha}},
    url      = {\url{https://www.wolframalpha.com/}},
    note     = {Last visited on 16/9/2022},
}
@online{gg2, 
author = {Hohenwarter, M. and Borcherds, M. and others}, 
title = {{G}eo{G}ebra 4.4}, 
url = {\url{http://www.geogebra.org}}, 
note     = {Last visited on 17/9/2022}

}